2670 4658
230 154 322 248 stop.
344 151 392 226 V.
448 147 572 222 044114
598 147 748 251 obliqua.
800 155 1049 252 tirnpntfotpr.
1147 159 1224 233 807

57 330 88 375 'so
107 336 155 373 aua
171 335 247 372 muno
269 321 419 388 confecisse.
434 315 473 371 C.
487 321 531 373 04.
544 320 569 386 3,
578 320 622 376 22.
656 319 776 373 Dictator
792 319 946 374 Manlium-⁹
934 340 995 390 pure
1017 341 1121 378 caesum
1144 328 1222 395 (ease)

56 409 261 475 pronuntiavit,
280 408 358 458 etium
376 407 399 457 si
416 406 490 470 regni
507 407 613 476 crimine
630 406 719 458 rusous
728 408 836 474 ,1114441
862 410 906 491 qui
928 417 1036 463 vocatus
1060 427 1076 463 a
1090 414 1222 478 magistro

60 493 175 558 equitum
193 492 234 542 41
244 493 396 543 dictatorem
413 509 463 542 non
480 496 599 546 44414441.
617 492 685 554 1.,4
702 492 745 548 15.
777 493 920 546 stultitiam
936 497 1091 548 simulatam
1109 512 1125 548 a
1141 515 1171 550 se
1189 515 1223 550 ex

59 577 190 629 industria
207 578 253 629 sub
273 577 346 644 cajo,
363 578 429 644 quod
446 579 525 637 411144
541 593 667 630 euasurus
678 584 902 645 perventuraeque
918 580 952 631 ad
968 588 1114 647 susceptam
1131 585 1221 637 statio·

60 678 119 714 nem
136 679 189 714 non
199 664 298 729 ficerit,
316 664 468 730 quibusdam
485 665 654 716 oratiunculis
673 671 786 716 testatus
801 672 850 717 441.
870 665 1091 720 Sacramenta.

127 754 172 808 B.
190 754 227 809 14.
262 748 351 816 Neque
377 750 404 801 id
425 766 454 802 se
479 753 555 816 queri
577 749 738 816 (dicebant),
769 751 835 816 quod
860 750 966 803 14411114
989 751 1021 802 ab
1047 752 1134 804 14414·
1151 757 1221 821 passi
1274 816 1279 825 ι

49 837 151 903 forent
167 835 211 900 (=
232 835 345 901 essent),
363 837 501 887 4444444144
521 835 645 902 quaedam
662 834 812 900 belli-jura,
828 851 894 902 quae
914 876 922 891 .
940 873 948 890 .
966 876 974 892 .
992 839 1046 904 pati
1064 837 1105 890 144
1120 843 1161 891 ait
1174 877 1182 893 .
1193 878 1222 897 ..

58 921 320 974 verumenimvero
339 921 366 970 id
382 937 411 972 so
430 923 514 986 queri,
533 920 601 987 quod
618 921 651 982 14,
671 921 715 987 qui
734 920 859 973 Romanos
876 923 1034 987 alienigenos
1053 932 1081 976 et
1096 926 1220 979 barbaros

57 1011 150 1066 vocat,
176 1005 240 1056 adeo
265 1006 341 1056 simul
364 1006 452 1058 divina
475 1009 634 1072 humanaque
655 1007 716 1073 jura
736 1007 882 1073 polluerit,
905 1015 935 1059 41
952 1010 1038 1075 441444
1055 1012 1220 1077 populatione

60 1108 117 1143 cunr
134 1091 242 1144 infernis
259 1091 325 1155 Diis,
342 1091 454 1143 secunda
471 1107 527 1143 cnm
545 1093 647 1158 superis
664 1092 761 1145 bellum
778 1092 904 1144 nefarium
922 1097 1087 1160 gesserit..
1105 1133 1113 1148 .
1130 1096 1219 1164 ltaque

57 1193 87 1229 se
107 1193 185 1229 orare
203 1185 280 1245 atquc
299 1179 436 1229 obsecrare
452 1178 569 1241 Aetolos,
586 1184 625 1238 ut,
644 1179 744 1229 miserti
755 1177 957 1244 Atheniensium,
976 1181 1085 1232 ducibus
1100 1181 1156 1235 Diis
1174 1184 1220 1235 iur-

56 1264 220 1324 mortalibus,
239 1263 331 1313 deinde
349 1261 477 1326 Romanis,
494 1263 538 1329 qui
555 1263 694 1315 secondum
711 1263 779 1316 Deos
796 1264 933 1330 plurimum
945 1269 1055 1332 4444141
1069 1268 1105 1334 1),
1123 1268 1220 1321 bellum

57 1352 229 1414 susciperent.
254 1346 285 1398 L.
299 1347 343 1409 at.
360 1346 402 1401 30.
435 1348 593 1413 (Ariovistus
612 1347 695 1412 imit)
718 1349 872 1414 stipendium
898 1365 926 1401 se
953 1366 1046 1416 capere
1066 1352 1127 1417 jure
1145 1354 1219 1414 belli,

59 1436 127 1502 quod
146 1436 258 1486 victores
275 1435 352 1486 victis
370 1435 500 1501 imponere
518 1435 676 1485 consuerint
686 1434 721 1501 ¹).
740 1432 815 1488 Caes.
823 1433 849 1494 1,
858 1435 901 1486 44.
935 1435 1031 1504 (Dixit)
1049 1437 1106 1502 ejus
1123 1439 1163 1490 rei
1180 1446 1219 1490 14·

59 1521 209 1573 stimonium
226 1535 291 1580 essa,
310 1518 377 1585 quod
396 1520 447 1571 nisi
464 1526 571 1584 rogatus
590 1534 639 1569 non
655 1520 765 1579 4444411,
785 1526 812 1570 41
828 1518 896 1585 qnod
912 1520 1008 1575 bellum
1026 1539 1075 1574 uon
1089 1525 1221 1586 intulerit,

56 1607 106 1659 sed
123 1605 279 1674 defenderit.
297 1604 362 1658 lbid.
399 1603 639 1670 conquerebantur,
656 1619 744 1668 regem
760 1603 886 1656 bominem
903 1621 968 1666 oasa,
986 1621 1068 1672 aquo
1085 1611 1223 1675 impetres,

54 1692 127 1745 ubi
116 1709 171 1758 pus,
194 1692 264 1742 411
257 1691 352 1756 injuria
370 1706 433 1758 opus
450 1693 539 1744 sit..
559 1690 668 1754 ,14444
685 1690 751 1742 nihil
771 1691 912 1742 laxamenti
934 1698 982 1744 444
1004 1694 1097 1746 veniae
1114 1694 1220 1758 1441444,

57 1778 104 1829 411
119 1777 223 1829 modum
242 1779 394 1828 excesseris
417 1775 519 1837 1..‚23.
936 1822 938 1826 ,

125 1863 258 1915 Ambiorix
276 1863 308 1914 41
326 1863 392 1914 1444
409 1863 509 1914 modom
526 1863 631 1915 loeutus
647 1870 703 1916 cst.-
730 1864 794 1916 Sese
811 1878 858 1932 pro
876 1858 1056 1918 Caesaris·
1018 1882 1046 1918 ιιι
1071 1883 1100 1919 44
1125 1869 1220 1921 bencd-

55 1951 105 2000 ciis
122 1949 259 2016 plurimum
276 1949 301 1999 ei
318 1951 444 2013 confiteri
460 1948 570 2009 debere,
594 1950 661 2016 quod
677 1950 735 2015 ejus
753 1950 832 2018 44444
848 1939 976 2018 stipendio
995 1953 1123 2008 libantur
1140 1957 1219 2018 esset,

10 2096 13 2100 Δ
56 2036 125 2102 quod
142 2034 294 2092 Aduaticis,
318 2034 433 2085 finitimis
450 2030 522 2098 suis,
544 2035 656 2101 pendere
674 2040 840 2097 consuesset,
865 2038 982 2103 qnodque
1008 2039 1033 2088 ei
1058 2039 1221 2091 4111114441

56 2121 147 2174 1441414
165 2121 212 2172 lilii
229 2119 333 2171 remissi
350 2121 676 2185 444441,,4444Α1441141
694 2121 811 2173 obsidum
826 2136 934 2179 numero
948 2125 1040 2195 missos
1059 2123 1128 2190 apud
1145 2139 1174 2176 44
1193 2125 1221 2176 14

55 2207 185 2259 servitute
200 2212 226 2256 41
244 2205 341 2256 4414414
360 2207 513 2259 tenuissent.
533 2205 694 2268 0444127.
717 2205 869 2280 (Dicebant)
887 2208 923 2258 ita
942 2208 1085 2261 obstinatos
1102 2225 1157 2260 ease
1174 2210 1238 2261 rni-.

54 2294 136 2353 lites,
162 2297 192 2342 ut
209 2305 259 2342 non
276 2292 346 2343 41144
363 2291 472 2365 44114441
489 2307 564 2357 44444
582 2295 608 2343 14
626 2293 759 2359 provincia
773 2282 932 2357 uiderentur,
950 2295 1100 2361 injussuque
1116 2297 1221 2347 abituri

56 2378 119 2430 iude
137 2383 233 2438 essent,
252 2379 275 2429 si
294 2393 341 2427 nou
360 2375 567 2429 dimitterentur.
584 2377 614 2428 1..
626 2377 668 2441 40,
679 2377 722 2431 35.
746 2377 881 2441 Legationi
898 2376 1046 2431 Arioviatbs
1064 2380 1218 2447 respondit:

60 2480 91 2517 ae
114 2480 197 2531 neque
219 2464 275 2515 siue
300 2463 417 2514 exercitu
441 2463 467 2512 in
493 2478 537 2513 eas
563 2469 650 2528 partes
673 2461 1017 2527 1141114444414441111444,
1040 2480 1104 2532 quas
1122 2466 1220 2518 Cacsar

55 2550 221 2618 possideret,-
240 2586 247 2601 .
268 2586 300 2601 ..
324 2549 375 2602 sibi
400 2555 485 2600 autem
503 2549 594 2600 mirum
617 2546 717 2608 uideri,
744 2536 1033 2613 1441114444041114,
1058 2566 1133 2616 qnam
1149 2552 1220 2614 bello

56 2639 181 2696 vicisset,
207 2642 253 2686 eut
270 2634 377 2685 Caesari
400 2639 446 2684 aut
468 2633 570 2684 omuino
591 2631 685 2699 populo
711 2631 821 2683 Romano
841 2633 937 2697 nogotii
953 2639 1030 2688 esset.
1058 2635 1219 2697 0444134.

55 2721 100 2789 (L.
118 2721 222 2773 Petillio
240 2720 339 2788 dictos
370 2719 434 2770 Sese
457 2734 501 2770 eos
523 2718 604 2771 libros
627 2719 655 2769 in
677 2719 761 2782 ignem
777 2716 952 2782 conjecturum
969 2734 1038 2771 csse.
1065 2718 1218 2787 Priusquam

56 2808 84 2858 id
96 2808 222 2875 faceret,
239 2821 267 2857 se
289 2807 312 2856 ei
331 2807 498 2871 pemittere,
525 2805 580 2864 uti,
606 2804 629 2854 si
647 2804 715 2868 quod
732 2820 777 2855 444
792 2802 848 2868 jus,
865 2818 914 2854 seu
931 2804 1057 2855 4444111444
1075 2821 1104 2856 44
1122 2805 1229 2857 141444

56 2893 91 2944 41
104 2908 149 2944 444
160 2892 240 2943 libros
255 2891 407 2957 4444144144
422 2892 598 2953 ecistimaret,
612 2891 789 2961 experiretur.
807 2886 837 2942 L.
846 2885 890 2948 40,
899 2887 943 2943 204
967 2887 1106 2941 Ρ44441144
1119 2890 1220 2943 Airioa·

57 2993 118 3030 uum
135 2978 240 3029 solitum
259 2976 296 3026 ait
311 2975 397 3026 dicere
417 2976 479 3040 (4114
496 2974 633 3026 Africanus
650 2973 750 3026 solebat
766 2971 852 3024 dicere
871 2975 929 3032 4441
945 2973 1074 3041 dicebam
1093 2981 1220 3049 41414444

56 3070 164 3132 4444144
191 3061 296 3112 crebras
322 3061 501 3112 contentiones
527 3059 682 3126 proeliorum
704 3057 841 3108 ferocitate
865 3059 1027 3111 exsultantes
1052 3056 1220 3114 domitoribus

57 3149 164 3201 tradere
181 3146 302 3206 soleant,
329 3144 593 3198 41114144111441144
612 3147 719 3212 possint
739 3143 780 3194 uti
804 3142 1159 3214 (41414114118141111114414
1181 3147 1220 3199 414

57 3234 174 3286 homines
191 3232 311 3283 secundis
329 3231 407 3282 rebus
425 3230 562 3282 4114444144
581 3267 589 3283 .
608 3269 615 3284 .
634 3269 642 3284 .
661 3238 786 3296 tamquam
804 3231 939 3298 ingyrum
956 3231 1065 3287 rationis
1084 3238 1111 3282 41
1123 3233 1219 3284 144141·

58 3336 107 3371 nae
126 3319 185 3370 duci
203 3323 343 3384 oportere,
362 3324 391 3368 41
403 3320 585 3383 perspicerent
601 3314 707 3383 (tntdp
725 3316 768 3369 bct
785 3311 928 3383 1114441141)
946 3330 1033 3368 rerum
1052 3317 1219 3371 humanarum

56 3405 271 3458 imbecillitatem.
297 3401 416 3462 00111,
426 3401 468 3456 26.
502 3402 611 3467 (Caesar
628 3400 784 3467 responditp
804 3400 946 3468 Consuesse
962 3399 1032 3453 Deos
1050 3402 1217 3464 immortales,

58 3507 109 3558 quo
127 3488 240 3554 'gravius
263 3480 377 3539 homiues
400 3503 434 3538 cx
459 3489 656 3539 commutatione
679 3500 763 3538 rerum
781 3485 906 3545 doleant,
930 3500 993 3551 quos
1010 3500 1057 3551 pro
1075 3486 1218 3538 sceleribus

58 3591 148 3627 eorum
165 3574 256 3626 ulcisci
273 3574 369 3637 velint,
386 3573 427 3626 114
445 3573 610 3624 secundiores
629 3571 755 3625 interdum
773 3586 816 3624 444
835 3578 862 3623 41
879 3569 1065 3621 diuturniorem
1083 3571 1217 3636 impunita·

57 3669 111 3714 tem
129 3661 276 3714 concedere.
301 3658 479 3719 Cacs.i,1i.
517 3657 615 3709 044144
637 3658 793 3709 0414414444
817 3657 864 3710 illa
875 3655 1013 3722 jactabat:
1036 3661 1079 3704 sat
1096 3656 1218 3709 celeriter

49 3748 128 3814 fleri,
145 3745 267 3812 quidquid
277 3747 336 3809 fiat
354 3744 419 3794 setis
437 3742 511 3797 benc.
531 3741 604 3794 Suet.
615 3742 733 3808 44421.

129 3830 301 3897 (Responsum
319 3831 385 3893 est).·
421 3828 536 3881 Visuros
553 3844 624 3890 aare,
649 3828 706 3895 quid
730 3827 779 3879 sibi
798 3825 941 3876 iaciendum
958 3825 1004 3875 sit.
1041 3822 1108 3889 Quid
1125 3823 1218 3885 Rhodii

57 3919 145 3968 visuri
154 3919 217 3979 sint,
236 3917 304 3982 ipsos
322 3916 397 3967 seire.
423 3910 547 3979 Populum
566 3922 637 3965 44414
653 3914 787 3965 1144444444
806 3911 907 3962 devicto
920 3908 1028 3967 Perseo,
1044 3910 1112 3976 quod
1128 3927 1218 3979 prope·

59 4002 128 4053 diem
146 4005 254 4067 sperent
270 3999 339 4061 1444,
357 4001 488 4060 nisurum,
512 4006 542 4049 ut
559 4014 605 4065 444
623 3998 719 4051 maritis
737 3996 862 4062 cujusque
884 3995 910 4045 in
933 4009 964 4045 eo
982 3993 1050 4046 bello
1068 3996 1217 4050 civitatibus

110 4154 132 4203 11
149 4150 203 4198 mot
222 4147 329 4204 44111441,
349 4151 371 4201 to
393 4145 437 4195 4414
456 4146 481 4195 tn
503 4146 573 4200 414144
593 4150 693 4201 steten.
710 4147 826 4200 14144144
844 4142 868 4192 14
886 4141 1001 4200 cusentin
1022 4143 1086 4198 (1.1.
1100 4147 1219 4200 rutente

57 4215 140 4274 3411)
154 4215 254 4275 41141444
268 4220 454 4271 4414444444.
479 4217 558 4269 morer
571 4215 594 4264 tn
607 4220 644 4265 tu
661 4214 692 4264 tn
704 4215 772 4270 terte
785 4212 931 4271 4444111444
944 4213 1018 4265 &tede
1031 4217 1075 4264 441
1088 4217 1151 4260 cies.
1164 4216 1184 4267 c,
1192 4215 1218 4257 er

57 4289 137 4346 quod.
155 4317 161 4330 .
174 4317 180 4330 .
194 4288 289 4343 pendere
302 4291 434 4335 4444444441,
448 4282 506 4338 niort
519 4287 635 4329 consuerit.

112 4357 139 4404 a.
153 4357 296 4412 0144414441
309 4359 351 4405 tot.
364 4352 575 4411 eontnromcrotit.
600 4351 692 4407 41141
760 4417 767 4435 .
974 4355 1015 4408 '57
